<record><leader>00000cas a2200000 a 4500</leader><controlfield tag="001">19255142</controlfield><controlfield tag="008">890223d19241978tnuwr ne      0    0eng d</controlfield><datafield ind1=" " ind2=" " tag="010"><subfield code="a">sn 89058345 </subfield></datafield><datafield ind1=" " ind2=" " tag="040"><subfield code="a">KNP</subfield><subfield code="b">eng</subfield><subfield code="c">KNP</subfield><subfield code="d">TGN</subfield><subfield code="d">OCL</subfield><subfield code="d">OCLCQ</subfield><subfield code="d">OCLCF</subfield><subfield code="d">OCLCO</subfield></datafield><datafield ind1="1" ind2=" " tag="029"><subfield code="a">AU@</subfield><subfield code="b">000020541677</subfield></datafield><datafield ind1=" " ind2=" " tag="042"><subfield code="a">msc</subfield></datafield><datafield ind1=" " ind2=" " tag="043"><subfield code="a">n-us-tn</subfield></datafield><datafield ind1="0" ind2="4" tag="245"><subfield code="a">The Perry Countian.</subfield></datafield><datafield ind1=" " ind2=" " tag="260"><subfield code="a">Linden, Tenn. :</subfield><subfield code="b">B.M. Thompson,</subfield><subfield code="c">1924-</subfield></datafield><datafield ind1=" " ind2=" " tag="300"><subfield code="a">v. :</subfield><subfield code="b">ill.</subfield></datafield><datafield ind1=" " ind2=" " tag="310"><subfield code="a">Weekly</subfield></datafield><datafield ind1="0" ind2=" " tag="362"><subfield code="a">Vol. 1, no. 1 (July 25, 1924)-</subfield></datafield><datafield ind1="1" ind2=" " tag="362"><subfield code="a">Ceased in Sept. 1978.</subfield></datafield><datafield ind1=" " ind2=" " tag="500"><subfield code="a">Publishers: B.M. Thompson, 1924; Chas. Baker, 1924; Chas D. Ary, 1924-1961; Mr. &amp; Mrs Chas. D. Ary, 1961-1971; Mrs. Chas. D. Ary, 1971-1972; John &amp; Frank Kimble, 1972-1978.</subfield></datafield><datafield ind1=" " ind2="0" tag="651"><subfield code="a">Linden (Tenn.)</subfield><subfield code="v">Newspapers.</subfield></datafield><datafield ind1=" " ind2="0" tag="651"><subfield code="a">Perry County (Tenn.)</subfield><subfield code="v">Newspapers.</subfield></datafield><datafield ind1=" " ind2="7" tag="655"><subfield code="a">Newspapers.</subfield><subfield code="2">fast</subfield><subfield code="0">(OCoLC)fst01423814</subfield></datafield><datafield ind1=" " ind2="7" tag="651"><subfield code="a">Tennessee</subfield><subfield code="z">Linden.</subfield><subfield code="2">fast</subfield><subfield code="0">(OCoLC)fst01226764</subfield></datafield><datafield ind1=" " ind2="7" tag="651"><subfield code="a">Tennessee</subfield><subfield code="z">Perry County.</subfield><subfield code="2">fast</subfield><subfield code="0">(OCoLC)fst01221566</subfield></datafield><datafield ind1=" " ind2=" " tag="752"><subfield code="a">United States</subfield><subfield code="b">Tennessee</subfield><subfield code="c">Perry</subfield><subfield code="d">Linden.</subfield></datafield><datafield ind1="0" ind2="4" tag="785"><subfield code="t">Buffalo River review</subfield><subfield code="g">Sept. 7, 1978</subfield><subfield code="w">(DLC)sn 98069781</subfield></datafield></record>